%YAML 1.1
%TAG !u! tag:unity3d.com,2011:
--- !u!1 &5175897608420016993
GameObject:
  m_ObjectHideFlags: 0
  m_CorrespondingSourceObject: {fileID: 0}
  m_PrefabInstance: {fileID: 0}
  m_PrefabAsset: {fileID: 0}
  serializedVersion: 6
  m_Component:
  - component: {fileID: 5358629840815341721}
  - component: {fileID: 1295775661420682847}
  - component: {fileID: 551992159806625341}
  - component: {fileID: 5175897608420016992}
  - component: {fileID: 5175897608420016995}
  - component: {fileID: 101598659565320649}
  - component: {fileID: 2475195194817933552}
  m_Layer: 0
  m_Name: Jugador
  m_TagString: Untagged
  m_Icon: {fileID: 0}
  m_NavMeshLayer: 0
  m_StaticEditorFlags: 0
  m_IsActive: 1
--- !u!4 &5358629840815341721
Transform:
  m_ObjectHideFlags: 0
  m_CorrespondingSourceObject: {fileID: 0}
  m_PrefabInstance: {fileID: 0}
  m_PrefabAsset: {fileID: 0}
  m_GameObject: {fileID: 5175897608420016993}
  m_LocalRotation: {x: 0, y: 0, z: 0, w: 1}
  m_LocalPosition: {x: 36.52, y: 2.07, z: -42.49}
  m_LocalScale: {x: 1, y: 1, z: 1}
  m_ConstrainProportionsScale: 0
  m_Children:
  - {fileID: 2298203045616529096}
  m_Father: {fileID: 0}
  m_RootOrder: 0
  m_LocalEulerAnglesHint: {x: 0, y: 0, z: 0}
--- !u!33 &1295775661420682847
MeshFilter:
  m_ObjectHideFlags: 0
  m_CorrespondingSourceObject: {fileID: 0}
  m_PrefabInstance: {fileID: 0}
  m_PrefabAsset: {fileID: 0}
  m_GameObject: {fileID: 5175897608420016993}
  m_Mesh: {fileID: 10208, guid: 0000000000000000e000000000000000, type: 0}
--- !u!136 &551992159806625341
CapsuleCollider:
  m_ObjectHideFlags: 0
  m_CorrespondingSourceObject: {fileID: 0}
  m_PrefabInstance: {fileID: 0}
  m_PrefabAsset: {fileID: 0}
  m_GameObject: {fileID: 5175897608420016993}
  m_Material: {fileID: 0}
  m_IsTrigger: 0
  m_Enabled: 1
  m_Radius: 0.5
  m_Height: 2.1053863
  m_Direction: 1
  m_Center: {x: 0, y: -0.05269313, z: 0}
--- !u!54 &5175897608420016992
Rigidbody:
  m_ObjectHideFlags: 0
  m_CorrespondingSourceObject: {fileID: 0}
  m_PrefabInstance: {fileID: 0}
  m_PrefabAsset: {fileID: 0}
  m_GameObject: {fileID: 5175897608420016993}
  serializedVersion: 2
  m_Mass: 1
  m_Drag: 0
  m_AngularDrag: 0.05
  m_UseGravity: 1
  m_IsKinematic: 0
  m_Interpolate: 0
  m_Constraints: 112
  m_CollisionDetection: 0
--- !u!114 &5175897608420016995
MonoBehaviour:
  m_ObjectHideFlags: 0
  m_CorrespondingSourceObject: {fileID: 0}
  m_PrefabInstance: {fileID: 0}
  m_PrefabAsset: {fileID: 0}
  m_GameObject: {fileID: 5175897608420016993}
  m_Enabled: 1
  m_EditorHideFlags: 0
  m_Script: {fileID: 11500000, guid: 730aac067b07a7d4288d8373975341e4, type: 3}
  m_Name: 
  m_EditorClassIdentifier: 
  rb: {fileID: 5175897608420016992}
  speed: 300
  eje: {fileID: 0}
  inground: 0
  distance: 2.1
  v3: {x: 0, y: 0.99, z: 0}
  ani: {fileID: 101598659565320649}
--- !u!95 &101598659565320649
Animator:
  serializedVersion: 4
  m_ObjectHideFlags: 0
  m_CorrespondingSourceObject: {fileID: 0}
  m_PrefabInstance: {fileID: 0}
  m_PrefabAsset: {fileID: 0}
  m_GameObject: {fileID: 5175897608420016993}
  m_Enabled: 1
  m_Avatar: {fileID: 0}
  m_Controller: {fileID: 9100000, guid: 7718f0c7e3901bb4c845185a45da5231, type: 2}
  m_CullingMode: 0
  m_UpdateMode: 0
  m_ApplyRootMotion: 0
  m_LinearVelocityBlending: 0
  m_StabilizeFeet: 0
  m_WarningMessage: 
  m_HasTransformHierarchy: 1
  m_AllowConstantClipSamplingOptimization: 1
  m_KeepAnimatorControllerStateOnDisable: 0
--- !u!111 &2475195194817933552
Animation:
  m_ObjectHideFlags: 0
  m_CorrespondingSourceObject: {fileID: 0}
  m_PrefabInstance: {fileID: 0}
  m_PrefabAsset: {fileID: 0}
  m_GameObject: {fileID: 5175897608420016993}
  m_Enabled: 1
  serializedVersion: 3
  m_Animation: {fileID: 0}
  m_Animations: []
  m_WrapMode: 0
  m_PlayAutomatically: 1
  m_AnimatePhysics: 0
  m_CullingType: 0
--- !u!1001 &869869450943922177
PrefabInstance:
  m_ObjectHideFlags: 0
  serializedVersion: 2
  m_Modification:
    m_TransformParent: {fileID: 5358629840815341721}
    m_Modifications:
    - target: {fileID: 1438546959266459337, guid: 60770bdb4dc667c45bea53db0339dc05,
        type: 3}
      propertyPath: m_RootOrder
      value: 0
      objectReference: {fileID: 0}
    - target: {fileID: 1438546959266459337, guid: 60770bdb4dc667c45bea53db0339dc05,
        type: 3}
      propertyPath: m_LocalPosition.x
      value: 0
      objectReference: {fileID: 0}
    - target: {fileID: 1438546959266459337, guid: 60770bdb4dc667c45bea53db0339dc05,
        type: 3}
      propertyPath: m_LocalPosition.y
      value: -1.031
      objectReference: {fileID: 0}
    - target: {fileID: 1438546959266459337, guid: 60770bdb4dc667c45bea53db0339dc05,
        type: 3}
      propertyPath: m_LocalPosition.z
      value: 0
      objectReference: {fileID: 0}
    - target: {fileID: 1438546959266459337, guid: 60770bdb4dc667c45bea53db0339dc05,
        type: 3}
      propertyPath: m_LocalRotation.w
      value: 1
      objectReference: {fileID: 0}
    - target: {fileID: 1438546959266459337, guid: 60770bdb4dc667c45bea53db0339dc05,
        type: 3}
      propertyPath: m_LocalRotation.x
      value: 0
      objectReference: {fileID: 0}
    - target: {fileID: 1438546959266459337, guid: 60770bdb4dc667c45bea53db0339dc05,
        type: 3}
      propertyPath: m_LocalRotation.y
      value: 0
      objectReference: {fileID: 0}
    - target: {fileID: 1438546959266459337, guid: 60770bdb4dc667c45bea53db0339dc05,
        type: 3}
      propertyPath: m_LocalRotation.z
      value: 0
      objectReference: {fileID: 0}
    - target: {fileID: 1438546959266459337, guid: 60770bdb4dc667c45bea53db0339dc05,
        type: 3}
      propertyPath: m_LocalEulerAnglesHint.x
      value: 0
      objectReference: {fileID: 0}
    - target: {fileID: 1438546959266459337, guid: 60770bdb4dc667c45bea53db0339dc05,
        type: 3}
      propertyPath: m_LocalEulerAnglesHint.y
      value: 0
      objectReference: {fileID: 0}
    - target: {fileID: 1438546959266459337, guid: 60770bdb4dc667c45bea53db0339dc05,
        type: 3}
      propertyPath: m_LocalEulerAnglesHint.z
      value: 0
      objectReference: {fileID: 0}
    - target: {fileID: 1782702501690864755, guid: 60770bdb4dc667c45bea53db0339dc05,
        type: 3}
      propertyPath: m_Name
      value: HumanMale_Character_FREE
      objectReference: {fileID: 0}
    m_RemovedComponents: []
  m_SourcePrefab: {fileID: 100100000, guid: 60770bdb4dc667c45bea53db0339dc05, type: 3}
--- !u!4 &2298203045616529096 stripped
Transform:
  m_CorrespondingSourceObject: {fileID: 1438546959266459337, guid: 60770bdb4dc667c45bea53db0339dc05,
    type: 3}
  m_PrefabInstance: {fileID: 869869450943922177}
  m_PrefabAsset: {fileID: 0}
